<?xml version="1.0" encoding="UTF-8"?>
<record xmlns="http://www.loc.gov/MARC21/slim" xmlns:xsi="http://www.w3.org/2001/XMLSchema-instance" xsi:schemaLocation="http://www.loc.gov/MARC21/slim http://www.loc.gov/standards/marcxml/schema/MARC21slim.xsd">
<leader>     cam a2200241 a 4500</leader>
<controlfield tag="001">001679104</controlfield>
<controlfield tag="003">NNU</controlfield>
<controlfield tag="005">20001219004643.0</controlfield>
<controlfield tag="008">000905s1939    ua b          000 0 ara d</controlfield>
<datafield tag="035" ind1="9" ind2=" ">
<subfield code="a">NYUb12222495</subfield>
</datafield>
<datafield tag="035" ind1=" " ind2=" ">
<subfield code="a">(CStRLIN)NJPG94-B66932</subfield>
</datafield>
<datafield tag="040" ind1=" " ind2=" ">
<subfield code="a">NjP</subfield>
<subfield code="c">NjP</subfield>
</datafield>
<datafield tag="100" ind1="1" ind2=" ">
<subfield code="a">Ziyādah, Muḥammad Muṣṭafá.</subfield>
</datafield>
<datafield tag="245" ind1="1" ind2="0">
<subfield code="a">Riḥlat Ibn Jubayr wa-Riḥlat Ibn Baṭṭūṭah :</subfield>
<subfield code="b">muḥāḍaratān ulqiyatā bi-Dār Maktab al-Tabādul al-Thaqāfī lil-Maghrib bi-Miṣr fī yawmay 12 wa 19 Māyū sanat 1939 /</subfield>
<subfield code="c">li-Muḥammad Muṣṭafá Ziyādah.</subfield>
</datafield>
<datafield tag="260" ind1=" " ind2=" ">
<subfield code="a">al-Qāhirah :</subfield>
<subfield code="b">Maṭbaʻat Lajnat al-Taʼlīf wa-al-Tarjamah wa-al-Nashr,</subfield>
<subfield code="c">1939.</subfield>
</datafield>
<datafield tag="300" ind1=" " ind2=" ">
<subfield code="a">22, 22 p. :</subfield>
<subfield code="b">maps ;</subfield>
<subfield code="c">25 cm.</subfield>
</datafield>
<datafield tag="500" ind1=" " ind2=" ">
<subfield code="a">Cover title.</subfield>
</datafield>
<datafield tag="500" ind1=" " ind2=" ">
<subfield code="a">At head of t.p.: al-Maʻhad al-Khalīfī lil-Abḥāth al-Maghribīyah. Bayt al-Maghrib.</subfield>
</datafield>
<datafield tag="505" ind1="0" ind2=" ">
<subfield code="a">pt. 1. Riḥlat Ibn Jubayr -- pt. 2. Riḥlat Ibn Baṭṭūṭah.</subfield>
</datafield>
<datafield tag="600" ind1="0" ind2="0">
<subfield code="a">Ibn Batuta,</subfield>
<subfield code="d">1304-1377.</subfield>
<subfield code="t">Tuḥfat al-nuẓẓār fī gharāʼib al-amṣār wa-ʻajāʼib al-asfār.</subfield>
</datafield>
<datafield tag="600" ind1="1" ind2="0">
<subfield code="a">Ibn Jubayr, Muḥammad ibn Aḥmad,</subfield>
<subfield code="d">1145-1217.</subfield>
<subfield code="t">Riḥlat Ibn Jubayr.</subfield>
</datafield>
<datafield tag="OWN" ind1=" " ind2=" ">
<subfield code="a">GENERAL</subfield>
</datafield>
<datafield tag="950" ind1=" " ind2=" ">
<subfield code="l">BMAIN</subfield>
<subfield code="a">G370</subfield>
<subfield code="b">.I3</subfield>
</datafield>
<datafield tag="955" ind1=" " ind2=" ">
<subfield code="l">BMAIN</subfield>
<subfield code="c">1</subfield>
<subfield code="r">014820321</subfield>
</datafield>
<datafield tag="998" ind1=" " ind2=" ">
<subfield code="s">9124</subfield>
</datafield>
<datafield tag="AVA" ind1=" " ind2=" ">
<subfield code="a">NYU50</subfield>
<subfield code="b">BOBST</subfield>
<subfield code="c">Main Collection</subfield>
<subfield code="d">G370 .I3</subfield>
<subfield code="e">unavailable</subfield>
<subfield code="t">Unavailable</subfield>
<subfield code="f">1</subfield>
<subfield code="g">1</subfield>
<subfield code="h">N</subfield>
<subfield code="i">0</subfield>
<subfield code="j">MAIN</subfield>
<subfield code="k">0</subfield>
</datafield>
</record>
